This file was created with JabRef 2.2b2.
Encoding: UTF8

@TECHREPORT{Birbeck2006,
  author = {Mark Birbeck and Steven Pemberton and Ben Adida},
  title = {{RDF}a {S}yntax, A collection of attributes for layering {RDF} on
	{XML} languages},
  institution = {W3C},
  year = {2006},
  owner = {sergio},
  timestamp = {2007.01.29},
  url = {http://www.w3.org/2006/07/SWD/RDFa/syntax/}
}

@INPROCEEDINGS{Breslin2005,
  author = {J.G. Breslin and A. Harth and U. Bojars and S. Decker},
  title = {Towards {S}emantically-{I}nterlinked {O}nline {C}ommunities},
  booktitle = {{S}econd {E}uropean {S}emantic {W}eb {C}onference, {ESWC} 2005, Heraklion,
	Crete, Greece, May 29â€“June 1, 2005. Proceedings},
  year = {2005},
  owner = {wikier},
  pdf = {http://sw.deri.org/2004/12/sioc/index.pdf},
  timestamp = {2007.01.04},
  url = {http://www.springerlink.com/content/xtyetvllxfnk/}
}

@INPROCEEDINGS{Luke2004,
  author = {Luke McDowell and Oren Etzioni and Alon Halevy and Henry Levy},
  title = {Semantic Email},
  booktitle = {{P}roceedings of the 13rd {I}nternacional {W}orld {W}ide {W}eb {C}onference,
	{WWW2004}},
  year = {2004},
  owner = {wikier},
  pdf = {http://www2004.org/proceedings/docs/1p244.pdf},
  timestamp = {2007.01.15}
}

