
@book{ XMLNutshell,
	title = "XML in a Nutshell",
	author = "Elliotte Rusty Harold and W. Scott Means",
	editor = "O'Reilly",
	isbn = "0-596-00292-0",
	year = "2002" 
}

@book{ SemanticWebPrimer,
	title = "A Semantic Web primer",
	author = "Grigoris Antoniou and Frank van Harmelen",
	publisher = "The MIT Press",
	isbn = "0-262-01210-3",
	year = "2004",
	url = "http://www.semanticwebprimer.org/" 
}

@book{ PracticalRDF,
	title = "Practical RDF",
	author = "Shelley Powers",
	editor = "Simon St. Lautent",
	publisher = "O'Reilly",
	isbn = "0-596-00263-7"
	year = "2003" 
}

@book{ ExplorerSemanticWeb,
	title = "Explorer's Guide to the Semantic Web",
	author = "Thomas B. Passin",
	publisher = "Manning",
	isbn = "1-932-39420-6"
	year = "2004" 
}

@book{ OWL,
	title = "OWL: Representing Information Using the Web Ontology Language",
	author = "Lee W. Lacy",
	publisher = "Trafford",
	isbn = "1-412-03448-5"
	year = "2005" 
}

@book{ PythonPocket,
	title = "Python Pocket Reference",
	author = "Mark Lutz",
	publisher = "O'Reilly",
	isbn = "0-596-00189-4"
	year = "2005" 
}

@book{ PythonEssential,
	title = "Python Essential Reference",
	author = "David Beazley",
	publisher = "Sams",
	isbn = "0-735-71091-0"
	year = "2006" 
}

@book{ LearningPython,
	title = "Learning Python",
	author = "Mark Lutz",
	publisher = "O'Reilly",
	isbn = "0-596-00281-5"
	year = "2003" 
}

@book{ DivePython,
	title = "Dive into Python",
	author = "Mark Pilgrim",
	publisher = "Apress",
	isbn = "1-590-59356-1"
	year = "2004",
	url = "http://www.diveintopython.org/" 
}


