
@INPROCEEDINGS{Breslin2005,
  author = {J.G. Breslin and A. Harth and U. Bojars and S. Decker},
  title = {Towards {S}emantically-{I}nterlinked {O}nline {C}ommunities},
  booktitle = {{S}econd {E}uropean {S}emantic {W}eb {C}onference, {ESWC} 2005, Heraklion,
	Crete, Greece, May 29â€“June 1, 2005. Proceedings},
  year = {2005},
  keywords = {sioc},
  owner = {wikier},
  pdf = {http://sw.deri.org/2004/12/sioc/index.pdf},
  timestamp = {2007.01.04},
  url = {http://www.springerlink.com/content/xtyetvllxfnk/}
}
